@article{sarma2003selection,
	title={Selection of Value-at-Risk models},
	author={Sarma, Mandira and Thomas, Susan and Shah, Ajay},
	journal={Journal of Forecasting},
	volume={22},
	number={4},
	pages={337--358},
	year={2003},
	publisher={Wiley Online Library}
}


@article{engle1998autoregressive,
	title={Autoregressive conditional duration: a new model for irregularly spaced transaction data},
	author={Engle, Robert F and Russell, Jeffrey R},
	journal={Econometrica},
	pages={1127--1162},
	year={1998},
	publisher={JSTOR}
}
@article{bauwens2008moments,
	title={Moments of the Log-ACD model},
	author={Bauwens, Luc and Galli, Fausto and Giot, Pierre},
	journal={Quantitative and Qualitative Analysis in Social Sciences},
	volume={2},
	pages={1--28},
	year={2008}
}
@techreport{letmathe2021semiparametric,
	title={Semiparametric GARCH models with long memory applied to Value at Risk and Expected Shortfall},
	author={Letmathe, Sebastian and Feng, Yuanhua and Uhde, Andr{\'e} and others},
	year={2021},
	institution={Paderborn University, CIE Center for International Economics}
}

@incollection{muller1988longitudinal,
	title={Longitudinal Data and Regression Models},
	author={M{\"u}ller, Hans-Georg},
	booktitle={Nonparametric Regression Analysis of Longitudinal Data},
	pages={6--14},
	year={1988},
	publisher={Springer}
}
@article{feng2007asymptotic,
	title={On the asymptotic variance in nonparametric regression with fractional time-series errors},
	author={Feng, Yuanhua},
	journal={Nonparametric Statistics},
	volume={19},
	number={2},
	pages={63--76},
	year={2007},
	publisher={Taylor \& Francis}
}

@article{costanzino2015backtesting,
	title={Backtesting general spectral risk measures with application to expected shortfall},
	author={Costanzino, Nick and Curran, Mike},
	journal={Available at SSRN 2514403},
	year={2015}
}

@article{costanzino2018simple,
	title={A simple traffic light approach to backtesting expected shortfall},
	author={Costanzino, Nick and Curran, Michael},
	journal={Risks},
	volume={6},
	number={1},
	pages={2},
	year={2018},
	publisher={Multidisciplinary Digital Publishing Institute}
}

@misc{basel1996supervisory,
	title={Supervisory Framework For The Use of Backtesting in Conjunction With The Internal Models Approach to Market Risk Capital Requirements},
	author="{Basel Committee on Banking Supervision}",
	year={1996},
	publisher={Bank for International Settlements Basel, Switzerland}
}

@article{grane2008accurate,
	title={Accurate minimum capital risk requirements: A comparison of several approaches},
	author={Gran{\'e}, Aurea and Veiga, Helena},
	journal={Journal of Banking \& Finance},
	volume={32},
	number={11},
	pages={2482--2492},
	year={2008},
	publisher={Elsevier}
}

@misc{basel2013fundamental,
	title={Fundamental review of the trading book: A revised market risk framework},
	author="{Basel Committee on Banking Supervision}",
	publisher={Bank for International Settlements Basel},
	year={2013}
}

@misc{basel2016minimum,
	title={Minimum capital requirements for market risk},
	author="{Basel Committee on Banking Supervision}",
	year={2016},
	publisher={Bank for International Settlements Basel}
}

@misc{bcbs2017finalizing,
	title={Finalizing post-crisis reforms},
	author="{Basel Committee on Banking Supervision}",
	year={2017},
	publisher={Bank for International Settlements Basel}
}

@incollection{gasser1979kernel,
	title={Kernel estimation of regression functions},
	author={Gasser, Theo and M{\"u}ller, Hans-Georg},
	booktitle={Smoothing techniques for curve estimation},
	pages={23--68},
	year={1979},
	publisher={Springer}
}


@article{surgailis2002long,
	title={Long memory properties and covariance structure of the EGARCH model},
	author={Surgailis, Donatas and Viano, Marie-Claude},
	journal={ESAIM: Probability and Statistics},
	volume={6},
	pages={311--329},
	year={2002}
}


@article{sucarrat2016estimation,
	title={Estimation and inference in univariate and multivariate log-GARCH-X models when the conditional density is unknown},
	author={Sucarrat, Genaro and Gr{\o}nneberg, Steffen and Escribano, Alvaro},
	journal={Computational Statistics \& Data Analysis},
	volume={100},
	pages={582--594},
	year={2016},
	publisher={Elsevier}
}

@article{francq2013exponential,
	title={An exponential chi-squared QMLE for Log-GARCH models via the ARMA representation},
	author={Francq, Christian and Sucarrat, Genaro},
	year={2013}
}


@article{milhoj1987conditional,
	title={A conditional variance model for daily deviations of an exchange rate},
	author={Milh{\o}j, Anders},
	journal={Journal of Business \& Economic Statistics},
	volume={5},
	number={1},
	pages={99--103},
	year={1987},
	publisher={Taylor \& Francis Group}
}


@article{geweke1986comment,
	title={Comment},
	author={Geweke, John},
	journal={Econometric Reviews},
	volume={5},
	number={1},
	pages={57--61},
	year={1986},
	publisher={Taylor \& Francis}
}


@article{beran2015modelling,
  title={Modelling long-range dependence and trends in duration series: an approach based on EFARIMA and ESEMIFAR models},
  author={Beran, Jan and Feng, Yuanhua and Ghosh, Sucharita},
  journal={Statistical Papers},
  volume={56},
  number={2},
  pages={431--451},
  year={2015},
  publisher={Springer}
}

@article{menendez2013trend,
  title={On trend estimation under monotone Gaussian subordination with long-memory: application to fossil pollen series},
  author={Menendez, Patricia and Ghosh, Sucharita and Kuensch, Hans R and Tinner, Willy},
  journal={Journal of Nonparametric Statistics},
  volume={25},
  number={4},
  pages={765--785},
  year={2013},
  publisher={Taylor \& Francis}
}

@misc{beranghosh,
  title={Y., Ghosh, S. and Kulik, R.(2013). Long-Memory Processes: Probabilistic Properties and Statistical Methods},
  author={Beran, J Feng and Feng, Y},
  publisher={New York: Springer-Verlag}
}

@incollection{beran2013limit,
  title={Limit theorems},
  author={Beran, Jan and Feng, Yuanhua and Ghosh, Sucharita and Kulik, Rafal},
  booktitle={Long-Memory Processes},
  pages={209--384},
  year={2013},
  publisher={Springer}
}

@phdthesis{schutzner2009asymptotic,
  title={Asymptotic statistical theory for long memory volatility models},
  author={Sch{\"u}tzner, Martin},
  year={2009}
}

@article{bollerslev1996modeling,
  title={Modeling and pricing long memory in stock market volatility},
  author={Bollerslev, Tim and Mikkelsen, Hans Ole},
  journal={Journal of econometrics},
  volume={73},
  number={1},
  pages={151--184},
  year={1996},
  publisher={Elsevier}
}

@article{engle1982autoregressive,
  title={Autoregressive conditional heteroscedasticity with estimates of the variance of United Kingdom inflation},
  author={Engle, Robert F},
  journal={Econometrica: Journal of the Econometric Society},
  pages={987--1007},
  year={1982},
  publisher={JSTOR}
}

@article{bollerslev1986generalized,
  title={Generalized autoregressive conditional heteroskedasticity},
  author={Bollerslev, Tim},
  journal={Journal of econometrics},
  volume={31},
  number={3},
  pages={307--327},
  year={1986},
  publisher={Elsevier}
}
@article{gasser1991flexible,
	title={A flexible and fast method for automatic smoothing},
	author={Gasser, Theo and Kneip, Alois and K{\"o}hler, Walter},
	journal={Journal of the american statistical association},
	volume={86},
	number={415},
	pages={643--652},
	year={1991},
	publisher={Taylor \& Francis Group}
}


@article{mandelbrot1963new,
  title={New methods in statistical economics},
  author={Mandelbrot, Benoit},
  journal={Journal of political economy},
  volume={71},
  number={5},
  pages={421--440},
  year={1963},
  publisher={The University of Chicago Press}
}

@article{baillie1996fractionally,
  title={Fractionally integrated generalized autoregressive conditional heteroskedasticity},
  author={Baillie, Richard T and Bollerslev, Tim and Mikkelsen, Hans Ole},
  journal={Journal of econometrics},
  volume={74},
  number={1},
  pages={3--30},
  year={1996},
  publisher={Elsevier}
}

@article{feng2008modelling,
  title={Modelling of scale change, periodicity and conditional heteroskedasticity in return volatility},
  author={Feng, Yuanhua and McNeil, Alexander J},
  journal={Economic Modelling},
  volume={25},
  number={5},
  pages={850--867},
  year={2008},
  publisher={Elsevier}
}

@article{ding1993long,
  title={A long memory property of stock market returns and a new model},
  author={Ding, Zhuanxin and Granger, Clive WJ and Engle, Robert F},
  journal={Journal of empirical finance},
  volume={1},
  number={1},
  pages={83--106},
  year={1993},
  publisher={Elsevier}
}

@article{karanasos2004autocorrelation,
  title={On the Autocorrelation Properties of Long-Memory GARCH Processes},
  author={Karanasos, Menelaos and Psaradakis, Zacharias and Sola, Martin},
  journal={Journal of Time Series Analysis},
  volume={25},
  number={2},
  pages={265--282},
  year={2004},
  publisher={Wiley Online Library}
}

@article{robinson1991testing,
  title={Testing for strong serial correlation and dynamic conditional heteroskedasticity in multiple regression},
  author={Robinson, Peter M},
  journal={Journal of Econometrics},
  volume={47},
  number={1},
  pages={67--84},
  year={1991},
  publisher={Elsevier}
}

@article{nelson1991conditional,
  title={Conditional heteroskedasticity in asset returns: A new approach},
  author={Nelson, Daniel B},
  journal={Econometrica: Journal of the Econometric Society},
  pages={347--370},
  year={1991},
  publisher={JSTOR}
}

@phdthesis{conrad2006garch,
  title={GARCH models with long memory and nonparametric specifications},
  author={Conrad, Christian},
  year={2006},
  school={Univ.}
}

@article{lopes2012theoretical,
  title={Theoretical results on FIEGARCH processes},
  author={Lopes, S{\'\i}lvia RC and Prass, Taiane S},
  journal={arXiv preprint arXiv:1201.4129},
  year={2012}
}

@article{hosking1981fractional,
  title={Fractional differencing},
  author={Hosking, Jonathan RM},
  journal={Biometrika},
  volume={68},
  number={1},
  pages={165--176},
  year={1981},
  publisher={Oxford University Press}
}

@article{feng2004simultaneously,
  title={Simultaneously modeling conditional heteroskedasticity and scale change},
  author={Feng, Yuanhua},
  journal={Econometric Theory},
  volume={20},
  number={3},
  pages={563--596},
  year={2004},
  publisher={Cambridge University Press}
}

@article{bauwens2000logarithmic,
  title={The logarithmic ACD model: an application to the bid-ask quote process of three NYSE stocks},
  author={Bauwens, Luc and Giot, Pierre},
  journal={Annales d'Economie et de Statistique},
  pages={117--149},
  year={2000},
  publisher={JSTOR}
}

@article{karanasos2008statistical,
  title={The statistical properties of exponential ACD models},
  author={Karanasos, M},
  journal={Quantitative and Qualitative Analysis in Social Sciences},
  volume={2},
  number={1},
  pages={29--49},
  year={2008}
}

@article{sucarrat2018estimation,
  title={Estimation of log-GARCH models in the presence of zero returns},
  author={Sucarrat, Genaro and Escribano, Alvaro},
  journal={The European Journal of Finance},
  volume={24},
  number={10},
  pages={809--827},
  year={2018},
  publisher={Taylor \& Francis}
}

@article{feng2015forecasting,
  title={Forecasting financial market activity using a semiparametric fractionally integrated Log-ACD},
  author={Feng, Yuanhua and Zhou, Chen},
  journal={International Journal of Forecasting},
  volume={31},
  number={2},
  pages={349--363},
  year={2015},
  publisher={Elsevier}
}
@article{beran2002iterative,
  title={Iterative plug-in algorithms for SEMIFAR models—definition, convergence, and asymptotic properties},
  author={Beran, Jan and Feng, Yuanhua},
  journal={Journal of Computational and Graphical Statistics},
  volume={11},
  number={3},
  pages={690--713},
  year={2002},
  publisher={Taylor \& Francis}
}
@article{beran2002local,
  title={Local polynomial fitting with long-memory, short-memory and antipersistent errors},
  author={Beran, Jan and Feng, Yuanhua},
  journal={Annals of the Institute of Statistical Mathematics},
  volume={54},
  number={2},
  pages={291--311},
  year={2002},
  publisher={Springer}
}
@article{beran2002semifar,
  title={SEMIFAR models—a semiparametric approach to modelling trends, long-range dependence and nonstationarity},
  author={Beran, Jan and Feng, Yuanhua},
  journal={Computational Statistics \& Data Analysis},
  volume={40},
  number={2},
  pages={393--419},
  year={2002},
  publisher={Elsevier}
}
@book{beran2016long,
  title={Long-Memory Processes.},
  author={Beran, Jan and Feng, Yuanhua and Ghosh, Sucharita and Kulik, Rafal},
  year={2016},
  publisher={Springer}
}

}
@article{ding1996modeling,
  title={Modeling volatility persistence of speculative returns: a new approach},
  author={Ding, Zhuanxin and Granger, Clive WJ},
  journal={Journal of econometrics},
  volume={73},
  number={1},
  pages={185--215},
  year={1996},
  publisher={Elsevier}
}
@article{andersen1997intraday,
  title={Intraday periodicity and volatility persistence in financial markets},
  author={Andersen, Torben G and Bollerslev, Tim},
  journal={Journal of empirical finance},
  volume={4},
  number={2-3},
  pages={115--158},
  year={1997},
  publisher={Elsevier}
}
@article{andersen1999forecasting,
  title={Forecasting financial market volatility: Sample frequency vis-a-vis forecast horizon},
  author={Andersen, Torben G and Bollerslev, Tim and Lange, Steve},
  journal={Journal of empirical finance},
  volume={6},
  number={5},
  pages={457--477},
  year={1999},
  publisher={Elsevier}
}
@article{tse1998conditional,
  title={The conditional heteroscedasticity of the yen--dollar exchange rate},
  author={Tse, Yiu Kuen},
  journal={Journal of Applied Econometrics},
  volume={13},
  number={1},
  pages={49--55},
  year={1998},
  publisher={Wiley Online Library}
}
@article{baillie2009modelling,
  title={Modelling long memory and structural breaks in conditional variances: An adaptive FIGARCH approach},
  author={Baillie, Richard T and Morana, Claudio},
  journal={Journal of Economic Dynamics and Control},
  volume={33},
  number={8},
  pages={1577--1592},
  year={2009},
  publisher={Elsevier}
}
@article{beran2001volatility,
  title={Volatility of stock-market indexes—an analysis based on SEMIFAR models},
  author={Beran, Jan and Ocker, Dirk},
  journal={Journal of Business \& Economic Statistics},
  volume={19},
  number={1},
  pages={103--116},
  year={2001},
  publisher={Taylor \& Francis}
}

@article{beran1999semifar,
  title={SEMIFAR forecasts, with applications to foreign exchange rates},
  author={Beran, Jan and Ocker, Dirk},
  journal={Journal of Statistical Planning and Inference},
  volume={80},
  number={1-2},
  pages={137--153},
  year={1999},
  publisher={Elsevier}
}

@article{hardle2008value,
	title={Value-at-Risk and Expected Shortfall when there is long range dependence},
	author={H{\"a}rdle, Wolfgang K and Mungo, Julius},
	year={2008},
	publisher={SFB 649 Discussion Paper 2008-006}
}


@article{cotter2005uncovering,
  title={Uncovering long memory in high frequency UK futures},
  author={Cotter, John},
  journal={The European Journal of Finance},
  volume={11},
  number={4},
  pages={325--337},
  year={2005},
  publisher={Taylor \& Francis}
}

@article{breidt1998detection,
  title={The detection and estimation of long memory in stochastic volatility},
  author={Breidt, F Jay and Crato, Nuno and De Lima, Pedro},
  journal={Journal of econometrics},
  volume={83},
  number={1-2},
  pages={325--348},
  year={1998},
  publisher={Elsevier}
}

@misc{harvey1998long,
  title={Long memory in stochastic volatility Forecasting volatility in financial markets ed Knight and Satchell},
  author={Harvey, AC},
  year={1998},
  publisher={Oxford: Butterworth-Heinemann}
}

@techreport{feng2020fractionally,
	title={Fractionally integrated Log-GARCH with application to value at risk and expected shortfall},
	author={Feng, Yuanhua and Beran, Jan and Letmathe, Sebastian and Ghosh, Sucharita},
	year={2020},
	institution={Paderborn University, CIE Center for International Economics}
}


@article{engle1986modelling,
  title={Modelling the persistence of conditional variances},
  author={Engle, Robert F and Bollerslev, Tim},
  journal={Econometric reviews},
  volume={5},
  number={1},
  pages={1--50},
  year={1986},
  publisher={Taylor \& Francis}
}

@article{hosking1981lagrange,
  title={Lagrange-multiplier tests of multivariate time-series models},
  author={Hosking, JRM},
  journal={Journal of the Royal Statistical Society: Series B (Methodological)},
  volume={43},
  number={2},
  pages={219--230},
  year={1981},
  publisher={Wiley Online Library}
}

@article{granger1980introduction,
  title={An introduction to long-memory time series models and fractional differencing},
  author={Granger, Clive WJ and Joyeux, Roselyne},
  journal={Journal of time series analysis},
  volume={1},
  number={1},
  pages={15--29},
  year={1980},
  publisher={Wiley Online Library}
}



@article{beine2002accounting,
  title={Accounting for conditional leptokurtosis and closing days effects in FIGARCH models of daily exchange rates},
  author={Beine, Michel and Laurent, S{\'e}bastien and Lecourt, Christelle},
  journal={Applied Financial Economics},
  volume={12},
  number={8},
  pages={589--600},
  year={2002},
  publisher={Taylor \& Francis}
}

@article{van2004forecasting,
  title={Forecasting economic time series with unconditional time-varying variance},
  author={Van Bellegem, S{\'e}bastien and Von Sachs, Rainer},
  journal={International Journal of Forecasting},
  volume={20},
  number={4},
  pages={611--627},
  year={2004},
  publisher={Elsevier}
}

@book{peitz2016parametrische,
  title={Die parametrische und semiparametrische Analyse von Finanzzeitreihen: neue Methoden, Modelle und Anwendungsm{\"o}glichkeiten},
  author={Peitz, Christian},
  year={2016},
  publisher={Springer-Verlag}
}

@article{morgan1996riskmetrics,
  title={Riskmetrics technical document},
  author={Morgan, JP and others},
  year={1996},
  publisher={New York}
}

@article{acerbi2002expected,
  title={Expected shortfall: a natural coherent alternative to value at risk},
  author={Acerbi, Carlo and Tasche, Dirk},
  journal={Economic notes},
  volume={31},
  number={2},
  pages={379--388},
  year={2002},
  publisher={Wiley Online Library}
}

@book{mcneil2015quantitative,
  title={Quantitative Risk Management: Concepts, Techniques and Tools-revised edition},
  author={McNeil, Alexander J and Frey, R{\"u}diger and Embrechts, Paul},
  year={2015},
  publisher={Princeton university press}
}


@article{chang2012modelling,
  title={Modelling long memory volatility in agricultural commodity futures returns},
  author={Chang, Chia-Lin and McAleer, Michael and Tansuchat, Roengchai},
  journal={Annals of Financial Economics},
  volume={7},
  number={02},
  pages={1250010},
  year={2012},
  publisher={World Scientific}
}

@article{chung1999estimating,
  title={Estimating the fractionally integrated GARCH model},
  author={Chung, Ching-Fan},
  journal={National Taiwan University},
  volume={1},
  pages={20},
  year={1999}
}

@article{davidson2004moment,
  title={Moment and memory properties of linear conditional heteroscedasticity models, and a new model},
  author={Davidson, James},
  journal={Journal of Business \& Economic Statistics},
  volume={22},
  number={1},
  pages={16--29},
  year={2004},
  publisher={Taylor \& Francis}
}

@article{pantula1986modeling,
  title={Modeling the persistence of conditional variances: a comment},
  author={Pantula, Sastry G},
  journal={Econometric Reviews},
  volume={5},
  pages={79--97},
  year={1986}
}

@misc{laurent2018estimating,
	title={Estimating and Forecasting ARCH Models using G@ RCHTM 8},
	author={Laurent, S},
	year={2018},
	publisher={Timberlake Consultants, Richmond}
}

@article{giot2003value,
	title={Value-at-risk for long and short trading positions},
	author={Giot, Pierre and Laurent, S{\'e}bastien},
	journal={Journal of Applied Econometrics},
	volume={18},
	number={6},
	pages={641--663},
	year={2003},
	publisher={Wiley Online Library}
}

@article{tang2006long,
	title={Long memory in stock index futures markets: A value-at-risk approach},
	author={Tang, Ta-Lun and Shieh, Shwu-Jane},
	journal={Physica A: Statistical Mechanics and its Applications},
	volume={366},
	pages={437--448},
	year={2006},
	publisher={Elsevier}
}

@article{engle2002dynamic,
	title={Dynamic conditional correlation: A simple class of multivariate generalized autoregressive conditional heteroskedasticity models},
	author={Engle, Robert},
	journal={Journal of Business \& Economic Statistics},
	volume={20},
	number={3},
	pages={339--350},
	year={2002},
	publisher={Taylor \& Francis}
}

@article{demiralay2014value,
	title={Value-at-risk predictions of precious metals with long memory volatility models},
	author={Demiralay, Sercan and Ulusoy, Veysel},
	journal={MPRA Paper No. 53229},
	year={2014}
}

@article{degiannakis2004volatility,
	title={Volatility forecasting: evidence from a fractional integrated asymmetric power ARCH skewed-t model},
	author={Degiannakis*, Stavros},
	journal={Applied Financial Economics},
	volume={14},
	number={18},
	pages={1333--1342},
	year={2004},
	publisher={Taylor \& Francis}
}

@article{aloui2015estimation,
	title={Estimation and Performance Assessment of Value-at-Risk and Expected Shortfall Based on Long-Memory GARCH-Class Models.},
	author={Aloui, Chaker and Ben Hamida, Hela},
	journal={Finance a Uver: Czech Journal of Economics \& Finance},
	volume={65},
	number={1},
	year={2015}
}
